\bibliography{References} 


@unpublished{Estonia,
	Author = {Robin Cockett},
	Year = {2010},
	Title = {Turing Categories and Computability},
	Note = {Slides from 15th Estonian Winter School in Computer Science (EWSCS)},
	url = {http://cs.ioc.ee/ewscs/2010/cockett/estonia-slides-4.pdf}
}


@PhdThesis{MyPhD,
	author = {Polina Vinogradova},
	title = {Formalizing Abstract Computability: Turing Categories in {Coq}},
	school = {University of Ottawa},
	year = {2017},
	OPTkey = {key},
	OPTtype = {type},
	OPTaddress = {address},
	OPTmonth = {month},
	OPTnote = {note},
	OPTannote = {annote},
}


@article{Total,
	title = "Total Maps of Turing Categories",
	journal = "Electronic Notes in Theoretical Computer Science",
	volume = "308",
	number = "",
	pages = "129 - 146",
	year = "2014",
	note = "Proceedings of the 30th Conference on the Mathematical Foundations of Programming Semantics (MFPS XXX)",
	issn = "1571-0661",
	doi = "http://dx.doi.org/10.1016/j.entcs.2014.10.008",
	author = "J.R.B. Cockett and P.J.W. Hofstra and P. Hrube\v{s}"
}

@article{DiPao,
	author = "Paola, Robert A. Di and Heller, Alex",
	fjournal = "Journal of Symbolic Logic",
	journal = "J. Symbolic Logic",
	month = "09",
	number = "3",
	pages = "594--635",
	publisher = "Association for Symbolic Logic",
	title = "Dominical Categories: Recursion Theory without Elements",
	volume = "52",
	year = "1987"
}

@Inbook{LMog,
	author="Longo, G.
	and Moggi, E.",

	title="G{\"o}del numberings, principal morphisms, combinatory algebras",
	bookTitle="Mathematical Foundations of Computer Science 1984: Proceedings, 11th Symposium Praha, Czechoslovakia September 3--7, 1984",
	year="1984",
	publisher="Springer Berlin Heidelberg",
	address="Berlin, Heidelberg",
	pages="397--406",
	isbn="978-3-540-38929-3",
	doi="10.1007/BFb0030322",
}

@article{Turing-paper,
	title={On computable numbers, with an application to the Entscheidungsproblem},
	author={Turing, Alan Mathison},
	journal={Proceedings of the London mathematical society},
	volume={2},
	number={1},
	pages={230--265},
	year={1937},
	publisher={Wiley Online Library}
}

@book{IMM,
	title={Introduction to Metamathematics},
	author={Kleene, S.C. and Beeson, M.},
	isbn={9780923891572},
	lccn={2009497324},
	year={2009},
	publisher={Ishi Press International}
}

@book{Church,
	title={The Calculi of Lambda Conversion. (AM-6)},
	author={Church, A.},
	isbn={9781400881932},
	series={Annals of Mathematics Studies},
	year={2016},
	publisher={Princeton University Press}
}

@book{MA,
	title={Algebraic Approaches to Program Semantics},
	author={Manes, E.G. and Arbib, M.A.},
	isbn={9781461249627},
	lccn={86006563},
	series={Monographs in Computer Science},
	year={2012},
	publisher={Springer New York}
}

 

@PHDTHESIS{russelGodel,
	AUTHOR       = "Russell O'Connor",
	TITLE        = "Incompleteness and Completeness: Formalizing Logic and Analysis in Type Theory",
	SCHOOL       = "Institute for Computing and Information Science, Faculty of Science, Radboud University Nijmegen",
	YEAR         = "2009",
	ADDRESS      = "",
	MONTH        = "",
	NOTE         = ""
}  

@article{paulsonGodel,
 author = {Lawrence C. Paulson},
 title = {A Mechanised Proof of {G}\"{o}Del's Incompleteness Theorems Using Nominal {I}sabelle},
 journal = {J. Autom. Reason.},
 issue_date = {June      2015},
 volume = {55},
 number = {1},
 month = jun,
 year = {2015},
 issn = {0168-7433},
 pages = {1--37},
 numpages = {37},
 url = {http://dx.doi.org/10.1007/s10817-015-9322-8},
 doi = {10.1007/s10817-015-9322-8},
 acmid = {2780158},
 publisher = {Springer-Verlag New York, Inc.},
 address = {Secaucus, NJ, USA},
 keywords = {Formalisation of mathematics, G\"{o}del's incompleteness theorems, Isabelle/HOL, Nominal syntax},
} 


@Inproceedings{CIC,
author="Huet, G{\'e}rard",
chapter= {Induction principles formalized in the calculus of constructions},
title="TAPSOFT 1987: Proceedings of the International Joint Conference on Theory and Practice of Software Development",
year="1987",
pages="276--286",
}

@INPROCEEDINGS{DisjSet,
author="Arthur Chargu{\'e}raud
and Fran{\c{c}}ois Pottier",
editor="Urban, Christian
and Zhang, Xingyuan",
chapter = {Machine-Checked Verification of the Correctness and Amortized Complexity of an Efficient Union-Find Implementation},
title="Proceedings of the Interactive Theorem Proving: 6th International Conference",
year="2015",
publisher="Springer International Publishing",
pages="137--153",
isbn="978-3-319-22102-1",
doi="10.1007/978-3-319-22102-1_9",
url="http://dx.doi.org/10.1007/978-3-319-22102-1_9"
}



@INPROCEEDINGS{CompCert,
  author = {Sandrine Blazy and Xavier Leroy},
  title = {Formal verification of a memory model for
                         {C}-like imperative languages},
  booktitle = {International Conference on
                         Formal Engineering Methods (ICFEM 2005)},
  year = 2005,
  volume = 3785,
  series = {Lecture Notes in Computer Science},
  publisher = {Springer},
  pages = {280--299},
}

@MASTERSTHESIS{MyThesis,
	AUTHOR       = {Polina Vinogradova},
	TITLE        = {Investigating Structure in Turing Categories},
	SCHOOL       = {University of Ottawa},
	YEAR         = {2012},
	MONTH        = {March}
}

@INPROCEEDINGS{ZammitHOL,
 author = {Vincent Zammit},
 title = {A Mechanisation of Computability Theory in {HOL}},
 booktitle = {Proceedings of the 9th International Conference on Theorem Proving in Higher Order Logics},
 series = {TPHOLs '96},
 isbn = {3-540-61587-3},
 pages = {431--446},
 numpages = {16},
 url = {http://dl.acm.org/citation.cfm?id=646523.694703},
 acmid = {694703},
 publisher = {Springer-Verlag},
 address = {London, UK, UK},
 year = {1996}
} 

@INPROCEEDINGS{HolCoq,
 author = {Vincent Zammit},
 title = {A Comparative Study of {C}oq and {HOL}},
 booktitle = {Proceedings of the 10th International Conference on Theorem Proving in Higher Order Logics},
 series = {TPHOLs '97},
 isbn = {3-540-63379-0},
 pages = {323--337},
 numpages = {15},
 url = {http://dl.acm.org/citation.cfm?id=646524.694725},
 acmid = {694725},
 publisher = {Springer-Verlag},
 year = {1997}
} 


@article{Constable,
title = "Computational foundations of basic recursive function theory ",
journal = "Theoretical Computer Science ",
volume = "121",
number = "1–2",
pages = "89 - 112",
year = "1993",
note = "",
issn = "0304-3975",
doi = "http://dx.doi.org/10.1016/0304-3975(93)90085-8",
url = "//www.sciencedirect.com/science/article/pii/0304397593900858",
author = "Robert L. Constable and Scott F. Smith",
}

@ARTICLE{setoidsCat,
   author = {Erik Palmgren and Olov Wilander},
    title = "{Constructing categories and setoids of setoids in type theory}",
journal = "Logical Methods in Computer Science",
volume = "10",
number = "3:25",
pages = "1-14",
year = "2014",
}

@INPROCEEDINGS{timanyNewLib,
	AUTHOR       = {Amin Timany and
               Bart Jacobs},
  title     = {Category Theory in {Coq} 8.5},
  BOOKTITLE = {{The 7th {Coq} Workshop}},
  ADDRESS = {Sophia Antipolis, France},
  YEAR = {2015},
  MONTH = Jun,
  url       = {http://arxiv.org/abs/1505.06430},
  timestamp = {Thu, 09 Jul 2015 16:49:52 +0200},
  biburl    = {http://dblp.uni-trier.de/rec/bib/journals/corr/TimanyJ15},
  bibsource = {dblp computer science bibliography, http://dblp.org}
}

@BOOK{HOCL,
	AUTHOR       = "Joachim Lambek and Philip J. Scott",
	TITLE        = "Introduction to Higher Order Categorical Logic",
	PUBLISHER    = "Cambridge University Press",
	YEAR         = "1986",
	VOLUME       = "",
	SERIES       = " Cambridge Studies in Advanced Mathematics",
	ADDRESS      = "",
	EDITION      = "7",
	MONTH        = "",
	NOTE         = ""
}


@article{CoqCalc,
 author = {Thierry Coquand and G{\'e}rard Huet},
 title = {The Calculus of Constructions},
 journal = {Inf. Comput.},
 issue_date = {February/March 1988},
 volume = {76},
 number = {2-3},
 month = feb,
 year = {1988},
 issn = {0890-5401},
 pages = {95--120},
 numpages = {26},
 url = {http://dx.doi.org/10.1016/0890-5401(88)90005-3},
 doi = {10.1016/0890-5401(88)90005-3},
 acmid = {47725},
 publisher = {Academic Press, Inc.},
 address = {Duluth, MN, USA},
} 


@ARTICLE{LambdaCube,
	AUTHOR       = "Henk P. Barendregt",
	TITLE        = "Introduction to generalized type systems",
	JOURNAL      = "Journal of Functional Programming",
	YEAR         = "1991",
	VOLUME       = {1(2)},
	PAGES        = "125-154",
	MONTH        = "April",
	NOTE         = ""
}



@book{girard1989proofs,
  title={Proofs and Types},
  author={Jean-Yves Girard and Yves Lafont and Paul Taylor},
  isbn={9780521371810},
  lccn={gb89006177},
  series={Cambridge Tracts in Theoretical Computer Science},
  url={https://books.google.ca/books?id=6JOEQgAACAAJ},
  year={1989},
  publisher={Cambridge University Press}
}


@techreport{SmnForm,
           month = {March},
          author = {Vincent Zammit},
         address = {The University of Kent, Canterbury, Kent, UK},
           title = {A Proof of the {S-m-n} theorem in {Coq}},
            type = {Technical report},
       publisher = {University of Kent},
     institution = {The Computing Laboratory},
            year = {1997},
        keywords = {Computability, Theorem Proving, Formalized Mathematics},
             note = {\url{http://kar.kent.ac.uk/21524/}}
}

@UNPUBLISHED{AgdaRestCat,
author = {James Chapman and Tarmo Uustalu and Niccolò Veltri},
	title = {Formalizing Restriction Categories},
	journal = {Journal of Formalized Reasoning},
	volume = {10},
	number = {1},
	year = {2017},
	keywords = {}
}

@Inbook{FeitThm,
author="Gonthier, Georges
and Asperti, Andrea
and Avigad, Jeremy
and Bertot, Yves
and Cohen, Cyril
and Garillot, Fran{\c{c}}ois
and Le Roux, St{\'e}phane
and Mahboubi, Assia
and O'Connor, Russell
and Ould Biha, Sidi
and Pasca, Ioana
and Rideau, Laurence
and Solovyev, Alexey
and Tassi, Enrico
and Th{\'e}ry, Laurent",
editor="Blazy, Sandrine
and Paulin-Mohring, Christine
and Pichardie, David",
title="A Machine-Checked Proof of the Odd Order Theorem",
bookTitle="Interactive Theorem Proving: 4th International Conference, ITP 2013, Rennes, France, July 22-26, 2013. Proceedings",
year="2013",
publisher="Springer Berlin Heidelberg",
address="Berlin, Heidelberg",
pages="163--179",
isbn="978-3-642-39634-2",
doi="10.1007/978-3-642-39634-2_14",
url="http://dx.doi.org/10.1007/978-3-642-39634-2_14"
}


@ARTICLE{FourColForm,
	AUTHOR       = "Gonthier, Georges",
	TITLE        = "Formal Proof {---} The Four-Color Theorem",
	JOURNAL      = "Notices of the American Mathematical Society",
	YEAR         = "2008",
	VOLUME       = "55",
	NUMBER       = "11",
	PAGES        = "1382 - 1393",
	MONTH        = "",
	NOTE         = ""
}

@book{Category,
  title={Category Theory},
  author={Awodey, Steve},
  isbn={9780191513824},
  series={Oxford Logic Guides},
  url={https://books.google.ca/books?id=IK\_sIDI2TCwC},
  year={2006},
  publisher={Ebsco Publishing}
}

@article{freeLogic,
  author    = {Christoph Benzm{\"{u}}ller and
               Dana S. Scott},
  title     = {Axiomatizing Category Theory in Free Logic},
  journal   = {Computing Research Repository},
  volume    = {abs/1609.01493},
  year      = {2016},
  url       = {http://arxiv.org/abs/1609.01493},
  timestamp = {Mon, 03 Oct 2016 17:51:10 +0200},
  note        = {\url{http://dblp.uni-trier.de/rec/bib/journals/corr/BenzmullerS16}}
}

@misc{typeCl,
  TITLE = {{A gentle introduction to type classes and relations in {Coq}}},
  AUTHOR = {Cast{\'e}ran, Pierre and Sozeau, Matthieu},
  YEAR = {2012},
  MONTH = May,
  HAL_ID = {hal-00702455},
  HAL_VERSION = {v1},
  note        = {\url{https://hal.archives-ouvertes.fr/hal-00702455}}
}

@book{coqArt,
  author =     {Yves Bertot and Pierre Cast\'{e}ran},
  title =     {Interactive Theorem Proving and Program Development.
                  Coq'Art: The Calculus of Inductive Constructions},
  publisher =     {Springer},
  year =     2004
}

@manual{CoqDoc,
  author      = {{Coq} {Development} {Team}, The},
  title       = {The {Coq} Reference Manual, version 8.5},
  month       = Jan,
  year        = {2016},
  note        = {\url{https://coq.inria.fr/distrib/current/files/Reference-Manual.pdf}}
}


@INPROCEEDINGS{FstLib,
    author = { G{\'e}rard Huet and Amokrane Saïbi},
    title = {Constructive Category Theory},
    booktitle = {Joint {CLICS-TYPES} Workshop on Categories and Type Theory, Goteborg},
    year = {1998},
    publisher = {MIT Press}
}

@book{UnivF,
  title={Homotopy Type Theory: Univalent Foundations of Mathematics},
  author={Univalent Foundations Program},
  url={https://books.google.ca/books?id=LkDUKMv3yp0C},
  year={2013},
  publisher={Univalent Foundations program}
}


@book{typesNProg,
 author = {Pierce, Benjamin C.},
 title = {Types and Programming Languages},
 year = {2002},
 isbn = {0262162091, 9780262162098},
 edition = {1st},
 publisher = {The MIT Press},
} 

@book{SoftFound,
  author = {Benjamin C. Pierce and Chris Casinghino and Marco Gaboardi and
                  Michael Greenberg and C\v{a}t\v{a}lin Hri\c{t}cu 
                  and Vilhelm Sjoberg and Brent Yorgey},
  title = {Software Foundations},
  year = {2015},
  publisher = {Electronic textbook},
  plclub = {Yes},
  bcp = {Yes},
  keys = {poplmark,books},
  note = {\url{http://www.cis.upenn.edu/~bcpierce/sf}},
  japanese = {http://proofcafe.org/sf}
}

@book{Cantor,
  title={Naive Set Theory},
  author={Halmos, Paul R.},
  isbn={9780387900926},
  lccn={74010687},
  series={Undergraduate Texts in Mathematics},
  url={https://books.google.ca/books?id=x6cZBQ9qtgoC},
  year={1998},
  publisher={Springer New York}
}


@ARTICLE{Turing,
    author = {Robin Cockett and Pieter Hofstra},
   title = {Introduction to {T}uring Categories},
   year = {2008},
	journal = {Annals of Pure and Applied Logic},
	volume = {156(2-3)},
	pages = {183-209}
}


@ARTICLE{RangeI,
	AUTHOR       = {Robin Cockett and Xiuzhan Guo and Pieter Hofstra},
	TITLE        = {Range Categories {II}: Towards Regularity},
	JOURNAL      = "Theory and Applications of Categories",
	YEAR         = "2012",
	VOLUME       = "26",
	NUMBER       = "18",
	PAGES        = "453-500",
}

@ARTICLE{Winskel,
    author = {Andr\'e Joyal and Mogens Nielson and Glynn Winskel},
   title = {Bisimulation and open maps },
   year = {1993},
	journal = {Proceedings of Eighth Annual {IEEE} Symposium on Logic in Computer Science},
	volume = {LICS '93},
	pages = {418 - 427}
}

@ARTICLE{PCA,
    author = {Pieter Hofstra and Jaap van Oosten},
   journal = {Math. Proc. Cambridge Philos. Soc.},
	VOLUME       = "134",
	NUMBER       = "3",
 PAGES        = "445 - 463",
   title = {Ordered partial combinatory algebras},
   year = {2003}
}

@UNPUBLISHED{PLA,
	AUTHOR       = "Robin Cockett and Pieter Hofstra",
	TITLE        = "An introduction to partial lambda algebras",
	NOTE         = "",
	MONTH        = "February",
	YEAR         = "2007",
  note = {\url{http://mysite.science.uottawa.ca/phofstra/lambda.pdf}}
}

@book{Computability,
    author    = {Nigel Cutland},
    title     = {Computability: An introduction to recursive function theory},
    year      = {1980},
    publisher = {Cambridge University Press}

}



@Book{CatAlleg,
	author = {Peter J. Freyd and Andrej Scedrov},
	title = {Categories, Allegories},
	series = {North-Holland Mathematical Library},
	publisher = {Elsevier},
	year = {1990},
	address = {Amsterdam}

}

@Book{Topology,
	author = {John L. Kelley},
	title = {General Topology},
	series = {Graduate Texts In Mathematics},
	publisher = {Springer},
	year = {1975},
	address = {Birkhauser}

}


@Article{Restriction,
author = {Robin Cockett and Stephen Lack},
title = {Restriction categories {I}},
journal = {Theoretical Computer Science},
year = {2002},
volume = {270},
pages = {223--259}
}

\bibliographystyle{}
